@phdthesis{humancomputation,
 author = {Von Ahn, Luis},
 advisor = {Blum, Manuel},
 title = {Human Computation},
 year = {2005},
 isbn = {0-542-54148-3},
 note = {AAI3205378},
 publisher = {Carnegie Mellon University},
 address = {Pittsburgh, PA, USA},
} 

@inproceedings{automan,
 author = {Barowy, Daniel W. and Curtsinger, Charlie and Berger, Emery D. and McGregor, Andrew},
 title = {AutoMan: A Platform for Integrating Human-based and Digital Computation},
 booktitle = {Proceedings of the ACM International Conference on Object Oriented Programming Systems Languages and Applications},
 series = {OOPSLA '12},
 year = {2012},
 isbn = {978-1-4503-1561-6},
 location = {Tucson, Arizona, USA},
 pages = {639--654},
 numpages = {16},
 url = {http://doi.acm.org/10.1145/2384616.2384663},
 doi = {10.1145/2384616.2384663},
 acmid = {2384663},
 publisher = {ACM},
 address = {New York, NY, USA},
 keywords = {crowdsourcing, programming languages, quality control},
} 

@inproceedings{crowddb,
 author = {Franklin, Michael J. and Kossmann, Donald and Kraska, Tim and Ramesh, Sukriti and Xin, Reynold},
 title = {CrowdDB: Answering Queries with Crowdsourcing},
 booktitle = {Proceedings of the 2011 ACM SIGMOD International Conference on Management of Data},
 series = {SIGMOD '11},
 year = {2011},
 isbn = {978-1-4503-0661-4},
 location = {Athens, Greece},
 pages = {61--72},
 numpages = {12},
 url = {http://doi.acm.org/10.1145/1989323.1989331},
 doi = {10.1145/1989323.1989331},
 acmid = {1989331},
 publisher = {ACM},
 address = {New York, NY, USA},
 keywords = {architecture, crowd, crowdsourcing, database, hybrid system, query processing},
} 

@article{cylog,
 author = {Morishima, Atsuyuki and Shinagawa, Norihide and Mitsuishi, Tomomi and Aoki, Hideto and Fukusumi, Shun},
 title = {CyLog/Crowd4U: A Declarative Platform for Complex Data-centric Crowdsourcing},
 journal = {Proc. VLDB Endow.},
 issue_date = {August 2012},
 volume = {5},
 number = {12},
 month = aug,
 year = {2012},
 issn = {2150-8097},
 pages = {1918--1921},
 numpages = {4},
 url = {http://dx.doi.org/10.14778/2367502.2367537},
 doi = {10.14778/2367502.2367537},
 acmid = {2367537},
 publisher = {VLDB Endowment},
} 

@inproceedings{crowdforge,
 author = {Kittur, Aniket and Smus, Boris and Khamkar, Susheel and Kraut, Robert E.},
 title = {CrowdForge: Crowdsourcing Complex Work},
 booktitle = {Proceedings of the 24th Annual ACM Symposium on User Interface Software and Technology},
 series = {UIST '11},
 year = {2011},
 isbn = {978-1-4503-0716-1},
 location = {Santa Barbara, California, USA},
 pages = {43--52},
 numpages = {10},
 url = {http://doi.acm.org/10.1145/2047196.2047202},
 doi = {10.1145/2047196.2047202},
 acmid = {2047202},
 publisher = {ACM},
 address = {New York, NY, USA},
 keywords = {coordination, crowdsourcing, distributed processing, human computation, mapreduce, mechanical turk},
} 


@inproceedings{Ahmad:2011:JPE:2047196.2047203,
 author = {Ahmad, Salman and Battle, Alexis and Malkani, Zahan and Kamvar, Sepander},
 title = {The Jabberwocky Programming Environment for Structured Social Computing},
 booktitle = {Proceedings of the 24th Annual ACM Symposium on User Interface Software and Technology},
 series = {UIST '11},
 year = {2011},
 isbn = {978-1-4503-0716-1},
 location = {Santa Barbara, California, USA},
 pages = {53--64},
 numpages = {12},
 url = {http://doi.acm.org/10.1145/2047196.2047203},
 doi = {10.1145/2047196.2047203},
 acmid = {2047203},
 publisher = {ACM},
 address = {New York, NY, USA},
 keywords = {crowdsourcing, social computing},
} 

@inproceedings{moboq,
 author = {Liu, Yefeng and Alexandrova, Todorka and Nakajima, Tatsuo},
 title = {Using Stranger As Sensors: Temporal and Geo-sensitive Question Answering via Social Media},
 booktitle = {Proceedings of the 22Nd International Conference on World Wide Web},
 series = {WWW '13},
 year = {2013},
 isbn = {978-1-4503-2035-1},
 location = {Rio de Janeiro, Brazil},
 pages = {803--814},
 numpages = {12},
 url = {http://dl.acm.org/citation.cfm?id=2488388.2488458},
 acmid = {2488458},
 publisher = {International World Wide Web Conferences Steering Committee},
 address = {Republic and Canton of Geneva, Switzerland},
 keywords = {crowdsourcing, human as sensors, microblogging, social media, strangersourcing, temporal and geo-sensitive question answering},
}

@inproceedings{prism,
 author = {Das, Tathagata and Mohan, Prashanth and Padmanabhan, Venkata N. and Ramjee, Ramachandran and Sharma, Asankhaya},
 title = {PRISM: Platform for Remote Sensing Using Smartphones},
 booktitle = {Proceedings of the 8th International Conference on Mobile Systems, Applications, and Services},
 series = {MobiSys '10},
 year = {2010},
 isbn = {978-1-60558-985-5},
 location = {San Francisco, California, USA},
 pages = {63--76},
 numpages = {14},
 url = {http://doi.acm.org/10.1145/1814433.1814442},
 doi = {10.1145/1814433.1814442},
 acmid = {1814442},
 publisher = {ACM},
 address = {New York, NY, USA},
 keywords = {mobile platform, mobile sandbox, opportunistic sensing, participatory sensing, smart phones},
}

@inproceedings{hapticturk,
 author = {Cheng, Lung-Pan and L\"{u}hne, Patrick and Lopes, Pedro and Sterz, Christoph and Baudisch, Patrick},
 title = {Haptic Turk: A Motion Platform Based on People},
 booktitle = {Proceedings of the SIGCHI Conference on Human Factors in Computing Systems},
 series = {CHI '14},
 year = {2014},
 isbn = {978-1-4503-2473-1},
 location = {Toronto, Ontario, Canada},
 pages = {3463--3472},
 numpages = {10},
 url = {http://doi.acm.org/10.1145/2556288.2557101},
 doi = {10.1145/2556288.2557101},
 acmid = {2557101},
 publisher = {ACM},
 address = {New York, NY, USA},
 keywords = {force-feedback, haptics, immersion, motion platform},
} 

@inproceedings{sharedo,
  title={Sharedo: To-doリストによる人-ロボット間のタスク共有},
  author={加藤, 淳 and 坂本, 大介 and 五十嵐, 健夫},
  booktitle={WISS '11: 第19回インタラクティブシステムとソフトウェアに関するワークショップ},
  pages={102--107},
  year={2011}
}

@article{riseofcrowdsourcing,
  added-at = {2008-12-21T20:29:45.000+0100},
  author = {Howe, Jeff},
  biburl = {http://www.bibsonomy.org/bibtex/21548d6830f9987d51f0dccc26771ff89/pecim7af},
  description = {BibSonomy::bibtex::The Rise of Crowdsourcing},
  interhash = {40cd48c255ae64c3518adf142cca22e4},
  intrahash = {1548d6830f9987d51f0dccc26771ff89},
  journal = {Wired Magazine},
  keywords = {AKMB08 Crowdsourcing Web2.0 WisdomOfCrowds},
  month = {06},
  number = 6,
  timestamp = {2008-12-21T20:29:45.000+0100},
  title = {The Rise of Crowdsourcing},
  url = {http://www.wired.com/wired/archive/14.06/crowds.html},
  volume = 14,
}

@Misc{mechanicalturk,
  title =    {Amazon Mechanical Turk},
  howpublished = {https://www.mturk.com/mturk/},
}

@Misc{linda,
  title =    {Linda implementation on Socket.IO},
  howpublished = {https://github.com/node-linda/linda},
}